@misc{IMS_slides,
	author = {Petr Peringer and Martin Hrubý},
	title = {
		Modelování a~simulace, Text k~přednáškám kursu
		Modelování a~simulace na FIT VUT v~Brně
	},
	howpublished = {[online]},
	year = {15. září 2022},
	note = {[vid. 2022-12-03]},
	url = {https://www.fit.vutbr.cz/study/courses/IMS/public/prednasky/IMS.pdf}
}

@misc{Accident_statistics,
	author = {Policie ČR},
	title = {
		Statistika nehodovosti 2020
	},
	howpublished = {[online]},
	year = {2020},
	url = {https://www.policie.cz/clanek/statistika-nehodovosti-900835.aspx?q=Y2hudW09NA%3d%3d}
}

@misc{IMS_slides,
	author = {Petr Peringer and Martin Hrubý},
	title = {
		Modelování a~simulace, Text k~přednáškám kursu
		Modelování a~simulace na FIT VUT v~Brně
	},
	howpublished = {[online]},
	year = {15. září 2022},
	note = {[vid. 2022-12-03]},
	url = {https://www.fit.vutbr.cz/study/courses/IMS/public/prednasky/IMS.pdf}
}

@misc{Jizdni_rad,
	author = {IDS JMK},
	title = {
		Integrovaný dopravní systém jihomoravského hraje, jízdní řád
	},
	howpublished = {[online]},
	year = {4. září 2023},
	url = {https://content.idsjmk.cz/jrady23/230904/501.pdf}
}

@misc{Pocet_cestujicich,
	title = {
		Městská autobusová doprava v Brně
	},
	howpublished = {[online]},
	year = {1. listopadu 2023},
	url = {https://cs.wikipedia.org/wiki/M%C4%9Bstsk%C3%A1_autobusov%C3%A1_doprava_v_Brn%C4%9B}
}