@misc{IMS_slides,
	author = {Petr Peringer and Martin Hrubý},
	title = {
		Modelování a~simulace, Text k~přednáškám kursu
		Modelování a~simulace na FIT VUT v~Brně
	},
	howpublished = {[online]},
	year = {15. září 2022},
	note = {[vid. 2022-12-03]},
	url = {https://www.fit.vutbr.cz/study/courses/IMS/public/prednasky/IMS.pdf}
}

@misc{Houfnice,
	author = {{ARMÁDA ČESKÉ REPUBLIKY}},
	title = {152 MM SAMOHYBNÁ KANÓNOVÁ HOUFNICE},
	howpublished = {[online]},
	note = {[vid. 2022-12-03]},
	url = {https://acr.army.cz/technika-a-vyzbroj/delo/152-mm-samohybna-kanonova-houfnice-93164/}
}

@misc{Houfnice2,
	author = {Martin Smíšek},
	title = {CZK - vz. 77 DANA (152mm samohybná kanónová houfnice)},
	howpublished = {[online]},
	note = {[vid. 2022-12-03]},
	url = {https://www.valka.cz/CZK-vz-77-DANA-152mm-samohybna-kanonova-houfnice-t12305}
}

@misc{Desertion,
	author = {Jeremy Hinzman},
	title = {Army desertion up 80 percent since Iraq war},
	howpublished = {[online]},
	note = {[vid. 2022-12-03]},
	url = {https://www.nbcnews.com/id/wbna21836566}
}
